@book{latex,
  author = "T. Oetiker and H. Partl and I. Hyna and E. Schlegl.",
  title = "Nie za krótkie wprowadzenie do systemu \LaTeX2e, dostępny online.",
  year = 2007
}
@article{cal,
  author = "Abdallah Ismail",
  title = "How many calories should I eat a day?",
  url = "https://www.researchgate.net/publication/324943266_How_many_calories_should_I_eat_a_day"
}
@online{history1,
  author = "John Loeffler",
  title = "The History Behind the Invention of the First Cell Phone",
  url = "https://interestingengineering.com/the-history-behind-the-invention-of-the-first-cell-phone"
}
@online{history2,
  author = "Kevin Jackson",
  title = "A brief history of the smartphone",
  url = "https://sciencenode.org/feature/How%20did%20smartphones%20evolve.php"
}
@online{history3,
  author = "John Callaham",
  title = "The history of Android: The evolution of the biggest mobile OS in the world",
  url = "https://www.androidauthority.com/history-android-os-name-789433/"
}
@online{history4,
  title = "The History of Mobile Apps",
  url = "https://inventionland.com/inventing/the-history-of-mobile-apps/"
}
@online{os,
  title = "Mobile Operating System Market Share Worldwide",
  url = "https://gs.statcounter.com/os-market-share/mobile/worldwide"
}
@online{dvm,
  title = "Mobile VS. Desktop Internet Usage",
  url = "https://www.broadbandsearch.net/blog/mobile-desktop-internet-usage-statistics"
}
@online{mobile_strategy,
  title = "The exodus from desktop to mobile: Why it matters and what to do about it",
  url = "https://www.smartinsights.com/mobile-marketing/mobile-marketing-strategy/from-desktop-mobile-why-matters/"
}
@online{speech_history,
  title = "A short history of speech recognition",
  url = "https://sonix.ai/history-of-speech-recognition"
}